@book{Norman,
title = {{The Design of Everyday Things}},
author = {Norman, Don},
publisher = {Basic Books},
location = {New York, NY, USA},
year = 2013,
pages = "1-2",
}

@book{MacKenzie,
title = {{Human-Computer Interaction: An Empirical Research Perspective}},
author = {MacKenzie, I. Scott},
publisher = {Morgan Kaufmann},
location = {Waltham, MA, USA},
year = 2013,
pages = "1-2",
}

@misc{GIMP,
key = "GIMP",
title = {{About Gimp}},
note = {\url{http://www.gimp.org/about/introduction.html}}
}

@misc{GimpHistory,
key = "GimpHistory",
title = {{A Brief History of Gimp}},
note = {\url{http://www.gimp.org/about/ancient_history.html}}
}
